@article{mwmote,
author = {Barua, Sukarna and Islam, Md and Yao, Xin and Murase, Kazuyuki},
year = {2014},
month = {02},
pages = {405-425},
title = {MWMOTE--Majority Weighted Minority Oversampling Technique for Imbalanced Data Set Learning},
volume = {26},
journal = {Knowledge and Data Engineering, IEEE Transactions on},
doi = {10.1109/TKDE.2012.232}
},
@article{smote,
	author = {Chawla, Nitesh and Bowyer, Kevin and O. Hall, Lawrence and Philip Kegelmeyer, W},
	year = {2002},
	month = {01},
	pages = {321-357},
	title = {SMOTE: Synthetic Minority Over-sampling Technique},
	volume = {16},
	journal = {J. Artif. Intell. Res. (JAIR)},
	doi = {10.1613/jair.953}
},
@article{adasyn, 
	author={ {Haibo He} and {Yang Bai} and E. A. {Garcia} and {Shutao Li}}, 
	booktitle={2008 IEEE International Joint Conference on Neural Networks (IEEE World Congress on Computational Intelligence)}, 
	title={ADASYN: Adaptive synthetic sampling approach for imbalanced learning}, 
	year={2008}, 
	volume={}, 
	number={}, 
	pages={1322-1328}, 
	ISSN={2161-4393},
	doi = {10.1109/ijcnn.2008.4633969}, 
	month={June},
},
@article{hybrid_sampling,
author = {Liang, G},
title = {An Effective Method for Imbalanced Time Series
Classification: Hybrid Sampling},
year = {2013},
pages = {374-385},
booktitle = {AI 2013: Advances in Artifial Inteligence},
doi = {10.1007/978-3-319-03680-9_38}
},
@article{cost_sensitive_tsc,
author = {Roychoudhury, S. and Ghalwash, M. and Obradovic, Z},
year = {2017},
title = {Cost Sensitive Time-Series Classification},
booktitle = {Lecture Notes in Computer Science},
pages = {495–511},
doi =  {10.1007/978-3-319-71246-8_30 }
},
@article{svm_paper,
 author = {Boser, Bernhard E. and Guyon, Isabelle M. and Vapnik, Vladimir N.},
 title = {A Training Algorithm for Optimal Margin Classifiers},
 booktitle = {Proceedings of the Fifth Annual Workshop on Computational Learning Theory},
 series = {COLT '92},
 year = {1992},
 isbn = {0-89791-497-X},
 location = {Pittsburgh, Pennsylvania, USA},
 pages = {144--152},
 numpages = {9},
 url = {http://doi.acm.org/10.1145/130385.130401},
 doi = {10.1145/130385.130401},
 acmid = {130401},
 publisher = {ACM},
 address = {New York, NY, USA},
},
@article{gaussian_trees_tsc, 
author={H. {Cao} and V. Y. F. {Tan} and J. Z. F. {Pang}}, 
journal={IEEE Transactions on Neural Networks and Learning Systems}, 
title={A Parsimonious Mixture of Gaussian Trees Model for Oversampling in Imbalanced and Multimodal Time-Series Classification}, 
year={2014}, 
volume={25}, 
number={12}, 
pages={2226-2239}, 
doi={10.1109/TNNLS.2014.2308321}, 
ISSN={2162-237X}, 
month={Dec},},
@article{int_oversampling_tsc,
author = {Cao, Hong and li, Xiaoli and Woon, Yew-Kwong and Ng, See-Kiong},
year = {2013},
month = {12},
pages = {2809-2822},
title = {Integrated Oversampling for Imbalanced Time Series Classification},
volume = {25},
journal = {Knowledge and Data Engineering, IEEE Transactions on},
doi = {10.1109/TKDE.2013.37}
},
@article{DBLP:journals/corr/abs-1801-04396,
  author    = {Yue Geng and
               Xinyu Luo},
  title     = {Cost-Sensitive Convolution based Neural Networks for Imbalanced Time-Series
               Classification},
  journal   = {CoRR},
  volume    = {abs/1801.04396},
  year      = {2018},
  url       = {http://arxiv.org/abs/1801.04396},
},
@article{He2017AnUA,
  title={An uncertainty and density based active semi-supervised learning scheme for positive unlabeled multivariate time series classification},
  author={Guoliang He and Yifei Li and Wen Zhao},
  journal={Knowl.-Based Syst.},
  year={2017},
  volume={124},
  pages={80-92}
},
@ARTICLE{8486964, 
author={M. {Xu} and Y. {Yang} and M. {Han} and T. {Qiu} and H. {Lin}}, 
journal={IEEE Transactions on Neural Networks and Learning Systems}, 
title={Spatio-Temporal Interpolated Echo State Network for Meteorological Series Prediction}, 
year={2019}, 
volume={30}, 
number={6}, 
pages={1621-1634}, 
doi={10.1109/TNNLS.2018.2869131}, 
ISSN={2162-237X}, 
month={June},},
@article{G20181253,
title = "Automated detection of diabetes using CNN and CNN-LSTM network and heart rate signals",
journal = "Procedia Computer Science",
volume = "132",
pages = "1253 - 1262",
year = "2018",
note = "International Conference on Computational Intelligence and Data Science",
issn = "1877-0509",
doi = "https://doi.org/10.1016/j.procs.2018.05.041",
url = "http://www.sciencedirect.com/science/article/pii/S1877050918307737",
author = "Swapna G and Soman Kp and Vinayakumar R",
},
@article{DBLP:journals/corr/ChungGCB15,
  author    = {Junyoung Chung and
               {\c{C}}aglar G{\"{u}}l{\c{c}}ehre and
               KyungHyun Cho and
               Yoshua Bengio},
  title     = {Gated Feedback Recurrent Neural Networks},
  journal   = {CoRR},
  volume    = {abs/1502.02367},
  year      = {2015},
  url       = {http://arxiv.org/abs/1502.02367},
},
@article{doi:10.1162/neco.1997.9.8.1735,
author = {Hochreiter, Sepp and Schmidhuber, Jürgen},
title = {Long Short-Term Memory},
journal = {Neural Computation},
volume = {9},
number = {8},
pages = {1735-1780},
year = {1997},
doi = {10.1162/neco.1997.9.8.1735},
URL = { https://doi.org/10.1162/neco.1997.9.8.1735},
eprint = { https://doi.org/10.1162/neco.1997.9.8.1735},
},
@article{DBLP:journals/corr/ChoMBB14,
  author    = {KyungHyun Cho and
               Bart van Merrienboer and
               Dzmitry Bahdanau and
               Yoshua Bengio},
  title     = {On the Properties of Neural Machine Translation: Encoder-Decoder Approaches},
  journal   = {CoRR},
  volume    = {abs/1409.1259},
  year      = {2014},
  url       = {http://arxiv.org/abs/1409.1259},
},
@ARTICLE{8141873, 
author={F. {Karim} and S. {Majumdar} and H. {Darabi} and S. {Chen}}, 
journal={IEEE Access}, 
title={LSTM Fully Convolutional Networks for Time Series Classification}, 
year={2018}, 
volume={6}, 
number={}, 
pages={1662-1669}, 
doi={10.1109/ACCESS.2017.2779939}, 
ISSN={2169-3536}, 
month={},},
@book{ts_libro,
title={Forecasting: Principles and Practice},
author={Rob J Hyndman and George Athanasopoulos},
year={2014},
publisher={OTexts}
},
@Article{Breiman2001,
author="Breiman, Leo",
title="Random Forests",
journal="Machine Learning",
year="2001",
month="Oct",
day="01",
volume="45",
number="1",
pages="5--32",
doi="10.1023/A:1010933404324",
url="https://doi.org/10.1023/A:1010933404324"
},
@article{FRIEDMAN2002367,
title = "Stochastic gradient boosting",
journal = "Computational Statistics \& Data Analysis",
volume = "38",
number = "4",
pages = "367 - 378",
year = "2002",
note = "Nonlinear Methods and Data Mining",
issn = "0167-9473",
doi = "https://doi.org/10.1016/S0167-9473(01)00065-2",
url = "http://www.sciencedirect.com/science/article/pii/S0167947301000652",
author = "Jerome H. Friedman",
},
@article{DBLP:journals/corr/ChenG16,
  author    = {Tianqi Chen and
               Carlos Guestrin},
  title     = {XGBoost: {A} Scalable Tree Boosting System},
  journal   = {CoRR},
  volume    = {abs/1603.02754},
  year      = {2016},
  url       = {http://arxiv.org/abs/1603.02754},
  archivePrefix = {arXiv},
  eprint    = {1603.02754},
},
@article{Schapire:1999:BIB:1624312.1624417,
 author = {Schapire, Robert E.},
 title = {A Brief Introduction to Boosting},
 booktitle = {Proceedings of the 16th International Joint Conference on Artificial Intelligence - Volume 2},
 series = {IJCAI'99},
 year = {1999},
 location = {Stockholm, Sweden},
 pages = {1401--1406},
 numpages = {6},
 url = {http://dl.acm.org/citation.cfm?id=1624312.1624417},
 acmid = {1624417},
 publisher = {Morgan Kaufmann Publishers Inc.},
 address = {San Francisco, CA, USA},
} 
